<?xml version="1.0" encoding="UTF-8"?><collection xmlns="http://www.loc.gov/MARC21/slim"><record><leader>00403nam--2200133-i-4500</leader><controlfield tag="001">000001297</controlfield><controlfield tag="002">20161230</controlfield><controlfield tag="005">20161230201024</controlfield><controlfield tag="008">060222s1000------------r-----000-0-eng-d</controlfield><datafield ind1=" " ind2=" " tag="080"><subfield code="a">53:62(07)</subfield></datafield><datafield ind1=" " ind2=" " tag="100"><subfield code="a">Henderson, Wiliam D</subfield></datafield><datafield ind1=" " ind2=" " tag="245"><subfield code="a">Problems in physics for technical schools, colleges, and universities. 2nd edition, 5-th impression</subfield></datafield><datafield ind1=" " ind2=" " tag="260"><subfield code="a">New York, Mcgraw-hill, 1931. Ix + 245 P</subfield></datafield><datafield ind1=" " ind2=" " tag="852"><subfield code="a">778</subfield></datafield></record></collection>